@book{adams1995hitchhiker,
  title={The Hitchhiker's Guide to the Galaxy},
  author={Adams, D.},
  isbn={9781417642595},
  url={http://books.google.com/books?id=W-xMPgAACAAJ},
  year={1995},
  publisher={San Val}
}
@book{spivak,
title={Calculus on Manifolds},
author={Michael Spivak}
}

@book{Davis,
title={Fourier series and orthogonal functions},
author={Harry F. Davis}
}

@book{Shifrin2015,
title={Differential geometry: a first course in curves and surfaces},
author={Theodore Shifrin}
}

@book{Walschap,
title={Multivariable calculus and differential geometry},
author={Gerard Walschap}
}

@book{Mendelson,
title={Introduction to topology},
author={Bert Mendelson}
}

@article{Fletcher,
title={Gaussian Distributions on Lie Groups and Their Application to Statistical Shape Analysis},
author={P. Thomas Fletcher et al}
}

@article{Xu2012,
file = {:C$\backslash$:/Users/yuguangyang/AppData/Local/Mendeley Ltd./Mendeley Desktop/Downloaded/Xu, Ma - 2012 - Applications of Lie groups and Lie algebra to computer vision A brief survey.pdf:pdf},
isbn = {978-1-4673-0199-2},
journal = {Systems and Informatics (ICSAI), 2012 International Conference on},
keywords = {lie algebra,lie groups,transformation matrix},
mendeley-groups = {ModernMath},
number = {Icsai},
pages = {2024--2029},
title = {{Applications of Lie groups and Lie algebra to computer vision: A brief survey}},
url = {http://ieeexplore.ieee.org/lpdocs/epic03/wrapper.htm?arnumber=6223449},
year = {2012}
}

@article{Manton2013,
abstract = {This primer explains how continuous-time stochastic processes (precisely, Brownian motion and other Itô diffusions) can be defined and studied on manifolds. No knowledge is assumed of either differential geometry or continuous-time processes. The arguably dry approach is avoided of first introducing differential geometry and only then introducing stochastic processes; both areas are motivated and developed jointly.},
archivePrefix = {arXiv},
arxivId = {arXiv:1302.0430v2},
author = {Manton, Jonathan H.},
doi = {10.1109/JSTSP.2013.2264798},
eprint = {arXiv:1302.0430v2},
file = {:E$\backslash$:/Copy/unsortedpapers/1302.0430.pdf:pdf},
issn = {1932-4553},
journal = {IEEE Journal of Selected Topics in Signal Processing},
keywords = {Brownian motion,Differential geometry,Ito diffusion,It{\^{o}} diffusions,Lie groups,continuous time systems,continuous-time stochastic process,continuous-time stochastic processes,differential geometry,estimation theory on manifolds,signal processing,stochastic differential equations on manifolds,stochastic differential geometry,stochastic processes},
mendeley-groups = {ModernMath/stochasticDE},
number = {4},
pages = {681--699},
title = {{A Primer on Stochastic Differential Geometry for Signal Processing}},
url = {http://ieeexplore.ieee.org/lpdocs/epic03/wrapper.htm?arnumber=6519312},
volume = {7},
year = {2013}
}

@article{Pennec2006,
author = {Pennec, Xavier},
doi = {10.1007/s10851-006-6228-4},
file = {:home/yuguangyang/.local/share/data/Mendeley Ltd./Mendeley Desktop/Downloaded/Pennec - 2006 - Intrinsic statistics on Riemannian manifolds Basic tools for geometric measurements.pdf:pdf;:home/yuguangyang/.local/share/data/Mendeley Ltd./Mendeley Desktop/Downloaded/Pennec - 2006 - Intrinsic statistics on Riemannian manifolds Basic tools for geometric measurements(2).pdf:pdf},
isbn = {975 518 133 4},
issn = {09249907},
journal = {Journal of Mathematical Imaging and Vision},
keywords = {Computing on manifolds,Covariance,Frechet mean,Geometry,Riemannian manifolds,Statistics},
mendeley-groups = {ModernMath},
number = {1},
pages = {127--154},
title = {{Intrinsic statistics on Riemannian manifolds: Basic tools for geometric measurements}},
volume = {25},
year = {2006}
}


@book{baxter1996financial,
  title={Financial calculus: an introduction to derivative pricing},
  author={Baxter, Martin and Rennie, Andrew},
  year={1996},
  publisher={Cambridge university press}
}

@book{hull2009options,
  title={Options, Futures and Other Derivatives},
  author={Hull, John},
  year={2009},
  publisher={Pearson Education}
}

@book{duffie2010dynamic,
  title={Dynamic asset pricing theory},
  author={Duffie, Darrell},
  year={2010},
  publisher={Princeton University Press}
}

@book{karatzas1998methods,
  title={Methods of mathematical finance},
  author={Karatzas, Ioannis and Shreve, Steven E},
  volume={39},
  year={1998},
  publisher={Springer Science \& Business Media}
}

@book{cvitanic2004introduction,
  title={Introduction to the economics and mathematics of financial markets},
  author={Cvitani{\'c}, Jak{\v{s}}a and Zapatero, Fernando},
  year={2004},
  publisher={MIT press}
}

@misc{ wiki:Geom,
   author = "Wikipedia",
   title = "Geometric Brownian motion --- Wikipedia{,} The Free Encyclopedia",
   year = "2016",
   url = "https://en.wikipedia.org/w/index.php?title=Geometric_Brownian_motion&oldid=705536768",
   note = "[Online; accessed 16-May-2016]"
 }
 
 
 @book{cochrane2009asset,
  title={Asset Pricing:(Revised Edition)},
  author={Cochrane, John H},
  year={2009},
  publisher={Princeton university press}
}

@misc{ wiki:optimalstopping,
   author = "Wikipedia",
   title = "Optimal stopping --- Wikipedia{,} The Free Encyclopedia",
   year = "2016",
   url = "https://en.wikipedia.org/w/index.php?title=Optimal_stopping&oldid=709042857",
   note = "[Online; accessed 16-May-2016]"
 }
 
 @book{zhou2008practical,
  title={A Practical Guide to Quantitative Finance Interviews},
  author={Zhou, X.},
  isbn={9781435715752},
  url={https://books.google.com/books?id=RosxmAYFFosC},
  year={2008},
  publisher={Lulu.com}
}

@book{stefanica2008primer,
  title={A primer for the Mathematics of Financial Engineering},
  author={Stefanica, Dan},
  year={2008},
  publisher={Fe Press}
}


@book{shreve2012stochastic1,
  title={Stochastic Calculus for Finance I: The Binomial Asset Pricing Model},
  author={Shreve, Steven},
  year={2012},
  publisher={Springer Science \& Business Media}
}

@book{shreve2004stochastic2,
  title={Stochastic calculus for finance II: Continuous-time models},
  author={Shreve, Steven E},
  volume={11},
  year={2004},
  publisher={Springer Science \& Business Media}
}

@misc{ wiki:martingale,
   author = "Wikipedia",
   title = "Martingale (probability theory) --- Wikipedia{,} The Free Encyclopedia",
   year = "2016",
   url = "https://en.wikipedia.org/w/index.php?title=Martingale_(probability_theory)&oldid=718981872",
   note = "[Online; accessed 18-May-2016]"
 }
 
  @misc{ wiki:completemarket,
   author = "Wikipedia",
   title = "Complete market --- Wikipedia{,} The Free Encyclopedia",
   year = "2016",
   url = "https://en.wikipedia.org/w/index.php?title=Complete_market&oldid=712226276",
   note = "[Online; accessed 18-May-2016]"
 }
 
 @book{neftci2000introduction,
  title={An introduction to the mathematics of financial derivatives},
  author={Neftci, Salih N},
  year={2000},
  publisher={Academic Press}
}

@misc{ wiki:CIR,
   author = "Wikipedia",
   title = "Cox–Ingersoll–Ross model --- Wikipedia{,} The Free Encyclopedia",
   year = "2016",
   url = "https://en.wikipedia.org/w/index.php?title=Cox%E2%80%93Ingersoll%E2%80%93Ross_model&oldid=711366753",
   note = "[Online; accessed 22-May-2016]"
 }
 
 @book{musiela2006martingale,
  title={Martingale methods in financial modelling},
  author={Musiela, Marek and Rutkowski, Marek},
  volume={36},
  year={2006},
  publisher={Springer Science \& Business Media}
}


@book{bjork2004arbitrage,
  title={Arbitrage theory in continuous time},
  author={Bj{\"o}rk, Tomas},
  year={2004},
  publisher={Oxford university press}
}

 @book{dineen2013probability,
  title={Probability theory in finance: a mathematical guide to the Black-Scholes formula},
  author={Dineen, Se{\'a}n},
  volume={70},
  year={2013},
  publisher={American Mathematical Soc.}
}

@book{jehle2001advanced,
  title={Advanced Microeconomic Theory},
  author={Jehle, G.A. and Reny, P.J.},
  isbn={9780321079169},
  lccn={00029988},
  series={Addison-Wesley series in economics},
  url={https://books.google.com/books?id=\_RS3AAAAIAAJ},
  year={2001},
  publisher={Addison-Wesley}
}

@misc{ wiki:forwardprice,
   author = "Wikipedia",
   title = "Forward price --- Wikipedia{,} The Free Encyclopedia",
   year = "2016",
   url = "https://en.wikipedia.org/w/index.php?title=Forward_price&oldid=701908245",
   note = "[Online; accessed 4-June-2016]"
 }
 
 @book{wilmott1995mathematics,
  title={The mathematics of financial derivatives: a student introduction},
  author={Wilmott, Paul and Howison, Sam and Dewynne, Jeff},
  year={1995},
  publisher={Cambridge University Press}
}

 @book{Lalley2001mathematical,
  title={The mathematics of financial derivatives: a student introduction},
  author={Steve Lalley},
  year={2001},
  publisher={Chicago University Statistics 390/ Mathematical Finance 345}
}

 @misc{ wiki:Petersburgparadox,
   author = "Wikipedia",
   title = "St. Petersburg paradox --- Wikipedia{,} The Free Encyclopedia",
   year = "2016",
   url = "https://en.wikipedia.org/w/index.php?title=St._Petersburg_paradox&oldid=724331040",
   note = "[Online; accessed 12-June-2016]"
 }
 
 @book{cairns2004interest,
  title={Interest rate models: an introduction},
  author={Cairns, Andrew JG},
  volume={10},
  year={2004},
  publisher={Princeton University Press}
}


@book{brigo2007interest,
  title={Interest rate models-theory and practice: with smile, inflation and credit},
  author={Brigo, Damiano and Mercurio, Fabio},
  year={2007},
  publisher={Springer Science \& Business Media}
}